%YAML 1.1
%TAG !u! tag:unity3d.com,2011:
--- !u!1 &167458
GameObject:
  m_ObjectHideFlags: 0
  m_PrefabParentObject: {fileID: 0}
  m_PrefabInternal: {fileID: 100100000}
  serializedVersion: 4
  m_Component:
  - 4: {fileID: 478758}
  m_Layer: 9
  m_Name: FloorTile
  m_TagString: Untagged
  m_Icon: {fileID: 0}
  m_NavMeshLayer: 0
  m_StaticEditorFlags: 0
  m_IsActive: 1
--- !u!1 &185878
GameObject:
  m_ObjectHideFlags: 0
  m_PrefabParentObject: {fileID: 0}
  m_PrefabInternal: {fileID: 100100000}
  serializedVersion: 4
  m_Component:
  - 4: {fileID: 463350}
  - 33: {fileID: 3322180}
  - 23: {fileID: 2389738}
  m_Layer: 0
  m_Name: FloorTile
  m_TagString: Untagged
  m_Icon: {fileID: 0}
  m_NavMeshLayer: 0
  m_StaticEditorFlags: 0
  m_IsActive: 0
--- !u!1 &186854
GameObject:
  m_ObjectHideFlags: 0
  m_PrefabParentObject: {fileID: 0}
  m_PrefabInternal: {fileID: 100100000}
  serializedVersion: 4
  m_Component:
  - 4: {fileID: 496468}
  - 33: {fileID: 3382182}
  - 23: {fileID: 2343200}
  m_Layer: 0
  m_Name: FactoryFloorV2
  m_TagString: Untagged
  m_Icon: {fileID: 0}
  m_NavMeshLayer: 0
  m_StaticEditorFlags: 0
  m_IsActive: 1
--- !u!4 &463350
Transform:
  m_ObjectHideFlags: 1
  m_PrefabParentObject: {fileID: 0}
  m_PrefabInternal: {fileID: 100100000}
  m_GameObject: {fileID: 185878}
  m_LocalRotation: {x: -4.32977997e-17, y: .707106709, z: .707106829, w: -4.32978063e-17}
  m_LocalPosition: {x: 0, y: -.5, z: 0}
  m_LocalScale: {x: .5, y: .5, z: .5}
  m_Children: []
  m_Father: {fileID: 478758}
  m_RootOrder: 0
--- !u!4 &478758
Transform:
  m_ObjectHideFlags: 1
  m_PrefabParentObject: {fileID: 0}
  m_PrefabInternal: {fileID: 100100000}
  m_GameObject: {fileID: 167458}
  m_LocalRotation: {x: 0, y: 0, z: 0, w: 1}
  m_LocalPosition: {x: 8, y: .50999999, z: 0}
  m_LocalScale: {x: 2, y: 2, z: 2}
  m_Children:
  - {fileID: 463350}
  - {fileID: 496468}
  m_Father: {fileID: 0}
  m_RootOrder: 0
--- !u!4 &496468
Transform:
  m_ObjectHideFlags: 1
  m_PrefabParentObject: {fileID: 0}
  m_PrefabInternal: {fileID: 100100000}
  m_GameObject: {fileID: 186854}
  m_LocalRotation: {x: -4.32977997e-17, y: .707106709, z: .707106829, w: -4.32978063e-17}
  m_LocalPosition: {x: 0, y: -.5, z: 0}
  m_LocalScale: {x: .5, y: .5, z: .5}
  m_Children: []
  m_Father: {fileID: 478758}
  m_RootOrder: 1
--- !u!23 &2343200
MeshRenderer:
  m_ObjectHideFlags: 1
  m_PrefabParentObject: {fileID: 0}
  m_PrefabInternal: {fileID: 100100000}
  m_GameObject: {fileID: 186854}
  m_Enabled: 1
  m_CastShadows: 1
  m_ReceiveShadows: 1
  m_Materials:
  - {fileID: 2100000, guid: fb49fe3c2c2bdc0428d2d005a6f75ba7, type: 2}
  m_SubsetIndices: 
  m_StaticBatchRoot: {fileID: 0}
  m_UseLightProbes: 1
  m_ReflectionProbeUsage: 1
  m_ProbeAnchor: {fileID: 0}
  m_ScaleInLightmap: 1
  m_PreserveUVs: 0
  m_ImportantGI: 0
  m_AutoUVMaxDistance: .5
  m_AutoUVMaxAngle: 89
  m_LightmapParameters: {fileID: 0}
  m_SortingLayerID: 0
  m_SortingOrder: 0
--- !u!23 &2389738
MeshRenderer:
  m_ObjectHideFlags: 1
  m_PrefabParentObject: {fileID: 0}
  m_PrefabInternal: {fileID: 100100000}
  m_GameObject: {fileID: 185878}
  m_Enabled: 1
  m_CastShadows: 1
  m_ReceiveShadows: 1
  m_Materials:
  - {fileID: 2100000, guid: fb49fe3c2c2bdc0428d2d005a6f75ba7, type: 2}
  m_SubsetIndices: 
  m_StaticBatchRoot: {fileID: 0}
  m_UseLightProbes: 1
  m_ReflectionProbeUsage: 1
  m_ProbeAnchor: {fileID: 0}
  m_ScaleInLightmap: 1
  m_PreserveUVs: 0
  m_ImportantGI: 0
  m_AutoUVMaxDistance: .5
  m_AutoUVMaxAngle: 89
  m_LightmapParameters: {fileID: 0}
  m_SortingLayerID: 0
  m_SortingOrder: 0
--- !u!33 &3322180
MeshFilter:
  m_ObjectHideFlags: 1
  m_PrefabParentObject: {fileID: 0}
  m_PrefabInternal: {fileID: 100100000}
  m_GameObject: {fileID: 185878}
  m_Mesh: {fileID: 4300000, guid: 361cf751d4622f84380d8d0a958b4e56, type: 3}
--- !u!33 &3382182
MeshFilter:
  m_ObjectHideFlags: 1
  m_PrefabParentObject: {fileID: 0}
  m_PrefabInternal: {fileID: 100100000}
  m_GameObject: {fileID: 186854}
  m_Mesh: {fileID: 4300000, guid: 17f0901c0f3dd664cabf27a166e7f669, type: 3}
--- !u!1001 &100100000
Prefab:
  m_ObjectHideFlags: 1
  serializedVersion: 2
  m_Modification:
    m_TransformParent: {fileID: 0}
    m_Modifications: []
    m_RemovedComponents: []
  m_ParentPrefab: {fileID: 0}
  m_RootGameObject: {fileID: 167458}
  m_IsPrefabParent: 1
